@misc{Kavish_Chawla_2024,
      title={Reinforcement Learning-Based Adaptive Load Balancing for Dynamic Cloud Environments}, 
      author={Kavish Chawla},
      year={2024},
      eprint={2409.04896},
      archivePrefix={arXiv},
      primaryClass={cs.DC},
      url={https://arxiv.org/abs/2409.04896}, 
}

@misc{Koneva_Navarro_2025,
      title={Introducing Large Language Models as the Next Challenging Internet Traffic Source}, 
      author={Nataliia Koneva and Alejandro Leonardo García Navarro and Alfonso Sánchez-Macián and José Alberto Hernández and Moshe Zukerman and Óscar González de Dios},
      year={2025},
      eprint={2504.10688},
      archivePrefix={arXiv},
      primaryClass={cs.NI},
      url={https://arxiv.org/abs/2504.10688}, 
}

@misc{Berenberg_Sambi_2024, 
    title={Networking capabilities optimize traffic for Generative AI Apps | Google Cloud Blog}, 
    url={https://cloud.google.com/blog/products/networking/networking-capabilities-optimize-traffic-for-generative-ai-apps/}, 
    journal={Google}, 
    publisher={Google}, 
    author={Berenberg, Anna and Sambi, Muninder}, 
    year={2024}, 
    month={Jun}} 

@misc{Latah_Toker_2019,
  title        = {Artificial intelligence enabled software-defined networking: A comprehensive overview},
  author       = {M. Latah and L. Toker},
  year         = {2019},
  archivePrefix= {doi},
  eprint       = {10.1049/iet-net.2018.5082},
  note         = {Published in IET Networks, vol. 8, no. 2, pp. 79--99},
  url          = {https://doi.org/10.1049/iet-net.2018.5082}
}

@misc{Alhilali_Montazerolghaem_2023,
  title        = {Artificial intelligence based load balancing in SDN: A comprehensive survey},
  author       = {A. H. Alhilali and A. Montazerolghaem},
  year         = {2023},
  archivePrefix= {doi},
  eprint       = {10.1016/j.iot.2023.100814},
  note         = {Published in Internet of Things, vol. 22, p. 100814},
  url          = {https://doi.org/10.1016/j.iot.2023.100814}
}

@misc{He_Kalmbach_Blenk_Kellerer_Schmid_2017,
  title        = {Algorithm-Data Driven Optimization of Adaptive Communication Networks},
  author       = {M. He and P. Kalmbach and A. Blenk and Wolfgang Kellerer and S. Schmid},
  year         = {2017},
  archivePrefix= {doi},
  eprint       = {10.1109/icnp.2017.8117592},
  note         = {Proceedings of the IEEE International Conference on Network Protocols (ICNP)},
  url          = {https://doi.org/10.1109/icnp.2017.8117592}
}

@misc{Chen-Xiao_Ya-bin_2016,
  title        = {Research on Load Balance Method in SDN},
  author       = {C. Chen-xiao and X. Ya-bin},
  year         = {2016},
  archivePrefix= {doi},
  eprint       = {10.14257/ijgdc.2016.9.1.03},
  note         = {International Journal of Grid and Distributed Computing, vol. 9, no. 1, pp. 25--36},
  url          = {https://doi.org/10.14257/ijgdc.2016.9.1.03}
}

@misc{Koneva_2025,
      title={Introducing Large Language Models as the Next Challenging Internet Traffic Source},
      author={Nataliia Koneva and Alejandro Leonardo García Navarro and Alfonso Sánchez-Macián and José Alberto Hernández and Moshe Zukerman and Óscar González de Dios},
      year={2025},
      eprint={2504.10688},
      archivePrefix={arXiv},
      primaryClass={cs.NI},
      url={https://arxiv.org/html/2504.10688v1}
}


